<?xml version="1.0" encoding="UTF-8"?><collection xmlns="http://www.loc.gov/MARC21/slim"><record><leader>00463nam--2200133-i-4500</leader><controlfield tag="001">000036833</controlfield><controlfield tag="002">20161230</controlfield><controlfield tag="005">20161230201041</controlfield><controlfield tag="008">060222s1000------------r-----000-0-eng-d</controlfield><datafield ind1=" " ind2=" " tag="100"><subfield code="a">Pohl, H.J., Gorlich, P.Und Guldner, D</subfield></datafield><datafield ind1=" " ind2=" " tag="245"><subfield code="a">Elektronische spektralmessung mit steuerbaren photovervielfachern</subfield></datafield><datafield ind1=" " ind2=" " tag="260"><subfield code="a">Berlin, Akademie-verlag, 1967, 12p</subfield></datafield><datafield ind1=" " ind2=" " tag="490"><subfield code="a">Sitzungsberichte Der Sachsischen Akademie Der Wissenschaften Zu Leipzig, Math.Nat.Klasse</subfield></datafield><datafield ind1=" " ind2=" " tag="852"><subfield code="a">29985</subfield></datafield></record></collection>